@article{autoTests,
    author = {Kumar, Divya and Mishra, Krishn},
    year = {2016},
    month = {12},
    pages = {8-15},
    title = {The Impacts of Test Automation on Software's Cost, Quality and Time to Market},
    volume = {79},
    journal = {Procedia Computer Science},
    doi = {10.1016/j.procs.2016.03.003}
}

@book{kubNativBook,
    author = {Benjamin Schmeling, Maximilian Dargatz},
    title = {Kubernetes Native Development},
    subtitle = {Develop, Build, Deploy, and Run Applications on Kubernetes},
    date = {2022},
    isbn = {978-1-4842-7941-0},
    publisher = {Apress Berkeley, CA},
    doi = {https://doi.org/10.1007/978-1-4842-7942-7},
}

@misc{python,
    title = {python},
    url = {https://www.python.org/},
    urldate = {2022-07-23},
}

@InProceedings{agileRevolution,
    author="Mancl, Dennis
and Fraser, Steven D.",
    editor="Hoda, Rashina",
    title="XP 2019 Panel: Agile Manifesto -- Impacts on Culture, Education, and Software Practices",
    booktitle="Agile Processes in Software Engineering and Extreme Programming -- Workshops",
    year="2019",
    publisher="Springer International Publishing",
    pages="143--148",
    isbn="978-3-030-30126-2",
    doi = {https://doi.org/10.1007/978-3-030-30126-2_17},
}

    
@misc{selbsterstellt,
    author = {Ben Pietsch},
    title = {Selbst erstellte Grafik},
}
